@book{qc,
	author = "Michael A. Nielsen and Isaac L. Chuang",
	title = "Quantum Computation and Quantum Information",
    publisher = "Cambridge University Press",
	year = "2010",
    edition = "10th Anniversary",
    address = "The Edinburgh Building, Cambridge CB2 8RU, UK"
}

@phdthesis{timpson,
    author = "Christopher Gordon Timpson",
    title = "Quantum Information Theory and The Foundations of Quantum Mechanics",
    school = "The Queen's College, Oxford University",
    year = "2004"
}

@misc{preskill,
    author = "John Preskill",
    title = "Physics 219/Computer Science 219 Lecture Notes",
    note = "Chapter 5. Quantum Information Theory"
}

@article{shor,
    author = "Peter Shor",
    title = "Quantum Information Theory: Results and Open Problems",
    journal = "Geometric and Functional Analysis",
    year = "2000",
    volume = "Special Volume",
    pages = "816-838"
}

@book{wilde,
    author = "Mark M. Wilde",
    title = "From Classical to Quantum Shannon Theory",
    publisher = "Cambridge University Press",
    year = "2012"
}

@article{yang,
    author = "Yuxiang Yang and Daniel Ebler and Giulio Chiribella",
    title = "Efficient Quantum Compression for Ensembles of Identically Prepared Mixed States",
    journal = "arXiv",
    year = "2015"
}
