@inproceedings{kernel,
    author = "Alex J. Smola and Zolt\'an L. \'Ov\'ari and Robert C. Williamson",
    title = "Regularization with Dot-Product Kernels",
    booktitle = "Neural Information Processing Systems (NIPS)",
    year = "2001"
}
