@book{blum,
    author = "Avrim Blum and John Hopcroft and Ravindran Kannan",
    publisher = "N.p",
    chapter = "6",
    title = "Foundations of Data Science",
    year = "2015",
    month = "April"
}
