@book{spectral,
    author = "Ravindran Kannan and Santosh S. Vempala",
    publisher = "N.p",
    title = "Spectral Algorithms for Data Analysis",
    year = "2016",
    month = "September"
}

@inproceedings{dictionary,
    author = "Daniel A. Spielman and Huan Wang and John Wright",
    title = "Exact Recovery of Sparsely-Used Dictionaries",
    booktitle = "Journal of Machine Learning Research",
    year = "2012"
}

@inproceedings{mixture,
    author = "Ankur Moitra and Gregory Valiant",
    title = "Settling the Polynomial Learnability of Mixtures of Gaussians",
    booktitle = "FOCS '10 Proceedings of the 2010 IEEE 51st Annual Symposium on Foundations of Computer Science",
    year = "2010"
}
